% This file was created with JabRef 2.10.
% Encoding: Cp1252


@InProceedings{Arthur2007,
  Title                    = {K-means++: The Advantages of Careful Seeding},
  Author                   = {Arthur, David and Vassilvitskii, Sergei},
  Booktitle                = {Proceedings of the Eighteenth Annual ACM-SIAM Symposium on Discrete Algorithms},
  Year                     = {2007},

  Address                  = {Philadelphia, PA, USA},
  Pages                    = {1027--1035},
  Publisher                = {Society for Industrial and Applied Mathematics},
  Series                   = {SODA '07},

  Acmid                    = {1283494},
  ISBN                     = {978-0-898716-24-5},
  Location                 = {New Orleans, Louisiana},
  Numpages                 = {9},
  Url                      = {http://dl.acm.org/citation.cfm?id=1283383.1283494}
}

@InProceedings{Drake2012,
  Title                    = {Accelerated k-means with adaptive distance bounds},
  Author                   = {Drake, Jonathan and Hamerly, Greg},
  Booktitle                = {5th NIPS workshop on optimization for machine learning},
  Year                     = {2012}
}

@InProceedings{Elkan2003,
  Title                    = {Using the triangle inequality to accelerate k-means},
  Author                   = {Elkan, Charles},
  Booktitle                = {ICML},
  Year                     = {2003},
  Pages                    = {147--153},
  Volume                   = {3}
}

@InProceedings{Hamerly2010,
  Title                    = {Making k-means Even Faster.},
  Author                   = {Hamerly, Greg},
  Booktitle                = {SDM},
  Year                     = {2010},
  Organization             = {SIAM},
  Pages                    = {130--140}
}

