% This file was created with JabRef 2.10.
% Encoding: Cp1252


@InProceedings{Arthur2007,
  Title                    = {K-means++: The Advantages of Careful Seeding},
  Author                   = {Arthur, David and Vassilvitskii, Sergei},
  Booktitle                = {Proceedings of the Eighteenth Annual ACM-SIAM Symposium on Discrete Algorithms},
  Year                     = {2007},

  Address                  = {Philadelphia, PA, USA},
  Pages                    = {1027--1035},
  Publisher                = {Society for Industrial and Applied Mathematics},
  Series                   = {SODA '07},

  Acmid                    = {1283494},
  ISBN                     = {978-0-898716-24-5},
  Location                 = {New Orleans, Louisiana},
  Numpages                 = {9},
  Url                      = {http://dl.acm.org/citation.cfm?id=1283383.1283494}
}

@Article{Czumaj2007,
  Title                    = {Sublinear-time approximation algorithms for clustering via random sampling},
  Author                   = {Czumaj, Artur and Sohler, Christian},
  Journal                  = {Random Structures \& Algorithms},
  Year                     = {2007},
  Number                   = {1-2},
  Pages                    = {226--256},
  Volume                   = {30},
  Publisher                = {Wiley Online Library}
}

@inproceedings{Ding2015,
  author    = {Yufei Ding and
               Yue Zhao and
               Xipeng Shen and
               Madanlal Musuvathi and
               Todd Mytkowicz},
  title     = {Yinyang K-Means: {A} Drop-In Replacement of the Classic K-Means with
               Consistent Speedup},
  booktitle = {Proceedings of the 32nd International Conference on Machine Learning,
               {ICML} 2015, Lille, France, 6-11 July 2015},
  pages     = {579--587},
  year      = {2015},
  crossref  = {DBLP:conf/icml/2015},
  url       = {http://jmlr.org/proceedings/papers/v37/ding15.html},
  timestamp = {Sun, 05 Jul 2015 19:10:23 +0200},
  biburl    = {http://dblp.uni-trier.de/rec/bib/conf/icml/DingZSMM15},
  bibsource = {dblp computer science bibliography, http://dblp.org}
}

@InProceedings{Drake2012,
  Title                    = {Accelerated k-means with adaptive distance bounds},
  Author                   = {Drake, Jonathan and Hamerly, Greg},
  Booktitle                = {5th NIPS workshop on optimization for machine learning},
  Year                     = {2012}
}

@InProceedings{Elkan2003,
  Title                    = {Using the triangle inequality to accelerate k-means},
  Author                   = {Elkan, Charles},
  Booktitle                = {ICML},
  Year                     = {2003},
  Pages                    = {147--153},
  Volume                   = {3}
}

@InProceedings{Guha1998,
  Title                    = {CURE: an efficient clustering algorithm for large databases},
  Author                   = {Guha, Sudipto and Rastogi, Rajeev and Shim, Kyuseok},
  Booktitle                = {ACM SIGMOD Record},
  Year                     = {1998},
  Number                   = {2},
  Organization             = {ACM},
  Pages                    = {73--84},
  Volume                   = {27}
}

@InProceedings{Hamerly2010,
  Title                    = {Making k-means Even Faster.},
  Author                   = {Hamerly, Greg},
  Booktitle                = {SDM},
  Year                     = {2010},
  Organization             = {SIAM},
  Pages                    = {130--140}
}

@InProceedings{Pelleg1999,
  Title                    = {Accelerating exact k-means algorithms with geometric reasoning},
  Author                   = {Pelleg, Dan and Moore, Andrew},
  Booktitle                = {Proceedings of the fifth ACM SIGKDD international conference on Knowledge discovery and data mining},
  Year                     = {1999},
  Organization             = {ACM},
  Pages                    = {277--281}
}

@InProceedings{Philbin2007,
  Title                    = {Object retrieval with large vocabularies and fast spatial matching},
  Author                   = {Philbin, James and Chum, Ond{\v{r}}ej and Isard, Michael and Sivic, Josef and Zisserman, Andrew},
  Booktitle                = {Computer Vision and Pattern Recognition, 2007. CVPR'07. IEEE Conference on},
  Year                     = {2007},
  Organization             = {IEEE},
  Pages                    = {1--8}
}

@InProceedings{Sculley2010,
  Title                    = {Web-scale k-means clustering},
  Author                   = {Sculley, David},
  Booktitle                = {Proceedings of the 19th international conference on World wide web},
  Year                     = {2010},
  Organization             = {ACM},
  Pages                    = {1177--1178}
}

@InCollection{Wang2015,
  Title                    = {Fast approximate k-means via cluster closures},
  Author                   = {Wang, Jingdong and Wang, Jing and Ke, Qifa and Zeng, Gang and Li, Shipeng},
  Booktitle                = {Multimedia Data Mining and Analytics},
  Publisher                = {Springer},
  Year                     = {2015},
  Pages                    = {373--395}
}

